@inproceedings{parmat,
 author = {Khorasani, Farzad and Gupta, Rajiv and Bhuyan, Laxmi N.},
 title = {Scalable SIMD-Efficient Graph Processing on GPUs},
 booktitle = {Proceedings of the 24th International Conference on Parallel Architectures and Compilation Techniques},
 series = {PACT '15},
 pages = {39--50},
 year = {2015}
}

@inproceedings{rmat,
  title={R-MAT: A recursive model for graph mining},
  author={Chakrabarti, Deepayan and Zhan, Yiping and Faloutsos, Christos},
  booktitle={Proceedings of the 2004 SIAM International Conference on Data Mining},
  pages={442--446},
  year={2004},
  organization={SIAM}
}
@inproceedings{kempe2003maximizing,
  title={Maximizing the spread of influence through a social network},
  author={Kempe, David and Kleinberg, Jon and Tardos, {\'E}va},
  booktitle={Proceedings of the ninth ACM SIGKDD international conference on Knowledge discovery and data mining},
  pages={137--146},
  year={2003},
  organization={ACM}
}
@article{CELF,
  title={The dynamics of viral marketing},
  author={Leskovec, Jure and Adamic, Lada A and Huberman, Bernardo A},
  journal={ACM Transactions on the Web (TWEB)},
  volume={1},
  number={1},
  pages={5},
  year={2007},
  publisher={ACM}
}
@article{IMGPU,
  title={IMGPU: GPU-accelerated influence maximization in large-scale social networks},
  author={Liu, Xiaodong and Li, Mo and Li, Shanshan and Peng, Shaoliang and Liao, Xiangke and Lu, Xiaopei},
  journal={IEEE Transactions on Parallel and distributed Systems},
  volume={25},
  number={1},
  pages={136--145},
  year={2013},
  publisher={IEEE}
}

@inproceedings{MixGreedy,
  title={Efficient influence maximization in social networks},
  author={Chen, Wei and Wang, Yajun and Yang, Siyu},
  booktitle={Proceedings of the 15th ACM SIGKDD international conference on Knowledge discovery and data mining},
  pages={199--208},
  year={2009},
  organization={ACM}
}

@inproceedings{cohen2014sketch,
  title={Sketch-based influence maximization and computation: Scaling up with guarantees},
  author={Cohen, Edith and Delling, Daniel and Pajor, Thomas and Werneck, Renato F},
  booktitle={Proceedings of the 23rd ACM International Conference on Conference on Information and Knowledge Management},
  pages={629--638},
  year={2014}
}

@inproceedings{IPA,
  title={Scalable and parallelizable processing of influence maximization for large-scale social networks?},
  author={Kim, Jinha and Kim, Seung-Keol and Yu, Hwanjo},
  booktitle={2013 IEEE 29th International Conference on Data Engineering (ICDE)},
  pages={266--277},
  year={2013},
  organization={IEEE}
}
@inproceedings{kimura2007extracting,
  title={Extracting influential nodes for information diffusion on a social network},
  author={Kimura, Masahiro and Saito, Kazumi and Nakano, Ryohei},
  booktitle={AAAI},
  volume={7},
  pages={1371--1376},
  year={2007}
}
@article{narayanam2010shapley,
  title={A shapley value-based approach to discover influential nodes in social networks},
  author={Narayanam, Ramasuri and Narahari, Yadati},
  journal={IEEE Trans. on Automation Science and Engineering},
  volume={8},
  number={1},
  pages={130--147},
  year={2010},
  publisher={IEEE}
}
@inproceedings{chen2010PMIA,
  title={Scalable influence maximization for prevalent viral marketing in large-scale social networks},
  author={Chen, Wei and Wang, Chi and Wang, Yajun},
  booktitle={Proceedings of the 16th ACM SIGKDD international conference on Knowledge discovery and data mining},
  pages={1029--1038},
  year={2010},
  organization={ACM}
}
@inproceedings{kim2013scalable,
  title={Scalable and parallelizable processing of influence maximization for large-scale social networks?},
  author={Kim, Jinha and Kim, Seung-Keol and Yu, Hwanjo},
  booktitle={2013 IEEE 29th International Conference on Data Engineering (ICDE)},
  pages={266--277},
  year={2013},
  organization={IEEE}
}
@inproceedings{chen2010LDAG,
  title={Scalable influence maximization in social networks under the linear threshold model},
  author={Chen, Wei and Yuan, Yifei and Zhang, Li},
  booktitle={2010 IEEE international conference on data mining},
  pages={88--97},
  year={2010},
  organization={IEEE}
}
@inproceedings{goyal2011simpath,
  title={Simpath: An efficient algorithm for influence maximization under the linear threshold model},
  author={Goyal, Amit and Lu, Wei and Lakshmanan, Laks VS},
  booktitle={2011 IEEE 11th international conference on data mining},
  pages={211--220},
  year={2011},
  organization={IEEE}
}
@inproceedings{jung2012irie,
  title={Irie: Scalable and robust influence maximization in social networks},
  author={Jung, Kyomin and Heo, Wooram and Chen, Wei},
  booktitle={2012 IEEE 12th International Conference on Data Mining},
  pages={918--923},
  year={2012},
  organization={IEEE}
}
@inproceedings{cheng2014imrank,
  title={IMRank: influence maximization via finding self-consistent ranking},
  author={Cheng, Suqi and Shen, Huawei and Huang, Junming and Chen, Wei and Cheng, Xueqi},
  booktitle={Proc. of the 37th International ACM SIGIR Conf. on Research \& Development in Information Retrieval},
  pages={475--484},
  year={2014},
  organization={ACM}
}
@inproceedings{liu2014influence,
  title={Influence maximization over large-scale social networks: A bounded linear approach},
  author={Liu, Qi and Xiang, Biao and Chen, Enhong and Xiong, Hui and Tang, Fangshuang and Yu, Jeffrey Xu},
  booktitle={Proceedings of the 23rd ACM International Conference on Conference on Information and Knowledge Management},
  pages={171--180},
  year={2014},
  organization={ACM}
}
@inproceedings{galhotra2016holistic,
  title={Holistic influence maximization: Combining scalability and efficiency with opinion-aware models},
  author={Galhotra, Sainyam and Arora, Akhil and Roy, Shourya},
  booktitle={Proceedings of the 2016 International Conference on Management of Data},
  pages={743--758},
  year={2016},
  organization={ACM}
}
@article{leskovec2007dynamics,
  title={The dynamics of viral marketing},
  author={Leskovec, Jure and Adamic, Lada A and Huberman, Bernardo A},
  journal={ACM Transactions on the Web (TWEB)},
  volume={1},
  number={1},
  pages={5},
  year={2007},
  publisher={ACM}
}

@article{zeng2010social,
  title={Social media analytics and intelligence},
  author={Zeng, Daniel and Chen, Hsinchun and Lusch, Robert and Li, Shu-Hsing},
  journal={IEEE Intelligent Sys.},
  volume={25},
  number={6},
  pages={13--16},
  year={2010},
  publisher={IEEE}
}

@article{moreno2004dynamics,
  title={Dynamics of rumor spreading in complex networks},
  author={Moreno, Yamir and Nekovee, Maziar and Pacheco, Amalio F},
  journal={Physical Review E},
  volume={69},
  number={6},
  pages={066130},
  year={2004},
  publisher={APS}
}

@article{guille2013information,
  title={Information diffusion in online social networks: A survey},
  author={Guille, Adrien and Hacid, Hakim and Favre, Cecile and Zighed, Djamel A},
  journal={ACM Sigmod Record},
  volume={42},
  number={2},
  pages={17--28},
  year={2013},
  publisher={ACM}
}

@article{lu2012recommender,
  title={Recommender systems},
  author={L{\"u}, Linyuan and Medo, Mat{\'u}{\v{s}} and Yeung, Chi Ho and Zhang, Yi-Cheng and Zhang, Zi-Ke and Zhou, Tao},
  journal={Physics reports},
  volume={519},
  number={1},
  pages={1--49},
  year={2012},
  publisher={Elsevier}
}

@article{trusov2009effects,
  title={Effects of word-of-mouth versus traditional marketing: findings from an internet social networking site},
  author={Trusov, Michael and Bucklin, Randolph E and Pauwels, Koen},
  journal={Journal of marketing},
  volume={73},
  number={5},
  pages={90--102},
  year={2009},
  publisher={SAGE Publications Sage CA: Los Angeles, CA}
}

@inproceedings{mcauley2013hidden,
  title={Hidden factors and hidden topics: understanding rating dimensions with review text},
  author={McAuley, Julian and Leskovec, Jure},
  booktitle={Proceedings of the 7th ACM conference on Recommender systems},
  pages={165--172},
  year={2013},
  organization={ACM}
}

@inproceedings{SariyuceSKC14,
  author    = {Ahmet Erdem Sariy{\"{u}}ce and
               Erik Saule and
               Kamer Kaya and
               {\"{U}}mit V. {\c{C}}ataly{\"{u}}rek},
  title     = {Hardware/Software Vectorization for Closeness Centrality on Multi-/Many-Core
               Architectures},
  booktitle = {2014 {IEEE} International Parallel {\&} Distributed Processing
               Symposium Workshops, Phoenix, AZ, USA, May 19-23, 2014},
  pages     = {1386--1395},
  year      = {2014},
  doi       = {10.1109/IPDPSW.2014.156},
  timestamp = {Wed, 16 Oct 2019 14:14:51 +0200},
  biburl    = {https://dblp.org/rec/conf/ipps/SariyuceSKC14.bib},
  bibsource = {dblp computer science bibliography, https://dblp.org}
}

@article{SariyuceSKC15,
  author    = {Ahmet Erdem Sariy{\"{u}}ce and
               Erik Saule and
               Kamer Kaya and
               {\"{U}}mit V. {\c{C}}ataly{\"{u}}rek},
  title     = {Regularizing graph centrality computations},
  journal   = {J. Parallel Distributed Comput.},
  volume    = {76},
  pages     = {106--119},
  year      = {2015},
  url       = {https://doi.org/10.1016/j.jpdc.2014.07.006},
  doi       = {10.1016/j.jpdc.2014.07.006},
  timestamp = {Sat, 22 Feb 2020 19:35:33 +0100},
  biburl    = {https://dblp.org/rec/journals/jpdc/SariyuceSKC15.bib},
  bibsource = {dblp computer science bibliography, https://dblp.org}
}

@article{leskovec2009community,
  title={Community structure in large networks: Natural cluster sizes and the absence of large well-defined clusters},
  author={Leskovec, Jure and Lang, Kevin J and Dasgupta, Anirban and Mahoney, Michael W},
  journal={Internet Mathematics},
  volume={6},
  number={1},
  pages={29--123},
  year={2009},
  publisher={Taylor \& Francis}
}

@article{yang2015defining,
  title={Defining and evaluating network communities based on ground-truth},
  author={Yang, Jaewon and Leskovec, Jure},
  journal={Knowledge and Information Systems},
  volume={42},
  number={1},
  pages={181--213},
  year={2015},
  publisher={Springer}
}

@inproceedings{leskovec2012learning,
  title={Learning to discover social circles in ego networks},
  author={Leskovec, Jure and Mcauley, Julian J},
  booktitle={Advances in neural information processing systems},
  pages={539--547},
  year={2012}
}

@inproceedings{minutoli2019fast,
  title={Fast and Scalable Implementations of Influence Maximization Algorithms},
  author={Minutoli, Marco and Halappanavar, Mahantesh and Kalyanaraman, Ananth and Sathanur, Arun and Mcclure, Ryan and McDermott, Jason},
  booktitle={2019 IEEE International Conference on Cluster Computing (CLUSTER)},
  pages={1--12},
  year={2019},
  organization={IEEE}
}
@inproceedings{borgs2014maximizing,
  title={Maximizing social influence in nearly optimal time},
  author={Borgs, Christian and Brautbar, Michael and Chayes, Jennifer and Lucier, Brendan},
  booktitle={Proceedings of the 25th annual ACM-SIAM symposium on Discrete Alg.},
  pages={946--957},
  year={2014},
  organization={SIAM}
}
%LT paper, not so relevant 
@article{granovetter1978threshold,
  title={Threshold models of collective behavior},
  author={Granovetter, Mark},
  journal={American journal of sociology},
  volume={83},
  number={6},
  pages={1420--1443},
  year={1978},
  publisher={University of Chicago Press}
}
@article{nemhauser1978analysis,
  title={An analysis of approximations for maximizing submodular set functions—I},
  author={Nemhauser, George L and Wolsey, Laurence A and Fisher, Marshall L},
  journal={Mathematical programming},
  volume={14},
  number={1},
  pages={265--294},
  year={1978},
  publisher={Springer}
}
@article{feige1998threshold,
  title={A threshold of ln n for approximating set cover},
  author={Feige, Uriel},
  journal={Journal of the ACM (JACM)},
  volume={45},
  number={4},
  pages={634--652},
  year={1998},
  publisher={ACM New York, NY, USA}
}
@inproceedings{takac2012data,
  title={Data analysis in public social networks},
  author={Takac, Lubos and Zabovsky, Michal},
  booktitle={International scientific conference and international workshop present day trends of innovations},
  volume={1},
  number={6},
  year={2012}
}

@misc{snapnets,
author       = {Jure Leskovec and Andrej Krevl},
title        = {{SNAP Datasets}: {Stanford} Large Network Dataset Collection},
howpublished = {\url{http://snap.stanford.edu/data}},
month        = jun,
year         = 2014
}
@online{ MurmurHash3,
  author = {Austin Appleby},
  title = {{MurmurHash3} - aappleby/smhasher Wiki},
  year = 2016,
  url = {https://github.com/aappleby/smhasher/wiki/MurmurHash3},
  urldate = {2020-05-23}
}
@article{flajolet1985probabilistic,
  title={Probabilistic counting algorithms for data base applications},
  author={Flajolet, Philippe and Martin, G Nigel},
  journal={Journal of computer and system sciences},
  volume={31},
  number={2},
  pages={182--209},
  year={1985},
  publisher={Elsevier}
}
@article{tim,
  author    = {Youze Tang and
               Xiaokui Xiao and
               Yanchen Shi},
  title     = {Influence Maximization: Near-Optimal Time Complexity Meets Practical
               Efficiency},
  journal   = {CoRR},
  volume    = {abs/1404.0900},
  year      = {2014},
  url       = {http://arxiv.org/abs/1404.0900},
  archivePrefix = {arXiv},
  eprint    = {1404.0900},
  timestamp = {Mon, 13 Aug 2018 16:48:40 +0200},
  biburl    = {https://dblp.org/rec/journals/corr/TangXS14.bib},
  bibsource = {dblp computer science bibliography, https://dblp.org}
}

@inproceedings{Goyal11,
author = {Goyal, Amit and Lu, Wei and Lakshmanan, Laks V.S.},
title = {CELF++: Optimizing the Greedy Algorithm for Influence Maximization in Social Networks},
year = {2011},
isbn = {9781450306379},
publisher = {Association for Computing Machinery},
address = {New York, NY, USA},
url = {https://doi.org/10.1145/1963192.1963217},
doi = {10.1145/1963192.1963217},
booktitle = {Proceedings of the 20th International Conference Companion on World Wide Web},
pages = {47–48},
numpages = {2},
keywords = {social networks, greedy algorithm, submodularity, CELF, viral marketing, influence propagation},
location = {Hyderabad, India},
series = {WWW ’11}
}
@inproceedings{tang2015influence,
  title={Influence maximization in near-linear time: A martingale approach},
  author={Tang, Youze and Shi, Yanchen and Xiao, Xiaokui},
  booktitle={Proceedings of the 2015 ACM SIGMOD International Conference on Management of Data},
  pages={1539--1554},
  year={2015}
}
@inproceedings{curipples,
author = {Minutoli, Marco and Drocco, Maurizio and Halappanavar, Mahantesh and Tumeo, Antonino and Kalyanaraman, Ananth},
title = {{CuRipples: Influence Maximization on Multi-GPU Systems}},
year = {2020},
isbn = {9781450379830},
publisher = {Association for Computing Machinery},
address = {New York, NY, USA},
url = {https://doi.org/10.1145/3392717.3392750},
doi = {10.1145/3392717.3392750},
booktitle = {Proceedings of the 34th ACM International Conference on Supercomputing},
articleno = {12},
numpages = {11},
keywords = {multi-GPU systems, iterative graph algorithms, distributed memory implementation, influence maximization},
location = {Barcelona, Spain},
series = {ICS ’20}
}

@article{cohen2015all,
  title={All-distances sketches, revisited: HIP estimators for massive graphs analysis},
  author={Cohen, Edith},
  journal={IEEE Transactions on Knowledge and Data Engineering},
  volume={27},
  number={9},
  pages={2320--2334},
  year={2015},
  publisher={IEEE}
}

@online{ MurmurHash3Performance,
  author = {Austin Appleby},
  title = {{MurmurHash3: Information and Performance}},
  year = 2017,
  url = {https://github.com/aappleby/smhasher/wiki/MurmurHash3},
  urldate = {2020-05-23}
}

@article{kumar2017information,
  title={Information propagation in interaction networks},
  author={Kumar, Rohit and Calders, Toon},
  journal={Advances in Database Technology-EDBT},
  volume={2017},
  pages={270--281},
  year={2017}
}

@inproceedings{flajolet2007hyperloglog,
  title={Hyperloglog: the analysis of a near-optimal cardinality estimation algorithm},
  author={Flajolet, Philippe and Fusy, {\'E}ric and Gandouet, Olivier and Meunier, Fr{\'e}d{\'e}ric},
  year={2007}
}

@article{infuser,
  author={G. {Göktürk} and K. {Kaya}},
  journal={IEEE Transactions on Parallel and Distributed Systems}, 
  title={Boosting Parallel Influence-Maximization Kernels for Undirected Networks With Fusing and Vectorization}, 
  year={2021},
  volume={32},
  number={5},
  pages={1001-1013},
  doi={10.1109/TPDS.2020.3038376}}